
@misc{_junit:_????,
	title = {{JUnit:} A Cook’s Tour},
	url = {http://junit.sourceforge.net/doc/cookstour/cookstour.htm},
	urldate = {2013-04-04},
	howpublished = {http://junit.sourceforge.net/doc/cookstour/cookstour.htm},
	file = {JUnit: A Cook’s Tour:files/26/cookstour.html:text/html}
}