
@book{westphal_testgetriebene_2005,
	address = {[s.l.]},
	edition = {1. Aufl.},
	isbn = {3-89864-220-8, 978-3-89864-220-0},
	shorttitle = {Testgetriebene Entwicklung mit {JUnit}  {FIT}},
	publisher = {dpunkt.verlag},
	author = {Westphal, Frank},
	year = {2005},
	file = {Library Catalog Entry Snapshot:files/24/PPNSET.html:text/html}
}