
@MISC{Dai_automatictest,
    author = {Pianta Lacmene and Zhen Ru Dai and Peter H. Deussen and Maik Busch and Laurette Pianta Lacmene and Titus Ngwangwen and Jens Herrmann and Michael Schmidt},
    title = {Automatic Test Data Generation for TTCN-3 using CTE},
    year = {2005}
}

@inproceedings{dai_automatic_2005,
	title = {Automatic Test Data Generation for {TTCN-3} using {CTE}},
	author = {Dai, Zhen Ru and Deussen, Peter H. and Busch, Maik and Lacmene, Laurette Pianta and Ngwangwen, Titus and Herrmann, Jens and Schmidt, Michael},
	year = {2005},
	file = {Citeseer - Full Text PDF:C:\Users\Benjamin\AppData\Roaming\Mozilla\Firefox\Profiles\tfqjodvh.default\zotero\storage\H3Z6XTBB\Dai et al. - Automatic Test Data Generation for TTCN-3 using CT.pdf:application/pdf;Citeseer - Snapshot:C:\Users\Benjamin\AppData\Roaming\Mozilla\Firefox\Profiles\tfqjodvh.default\zotero\storage\I8SANU6S\summary.html:text/html}
}

@article {gro_grimm_1993,
author = {Grochtmann, Matthias and Grimm, Klaus},
title = {Classification trees for partition testing},
journal = {Software Testing, Verification and Reliability},
volume = {3},
number = {2},
publisher = {John Wiley & Sons, Ltd},
issn = {1099-1689},
url = {http://dx.doi.org/10.1002/stvr.4370030203},
doi = {10.1002/stvr.4370030203},
pages = {63--82},
keywords = {Software testing, Partition testing, Classification, Test case determination},
year = {1993},
}

@book{westphal_testgetriebene_2005,
	title = {Testgetriebene Entwicklung mit {JUnit} und {FIT}},
	address = {[s.l.]},
	edition = {1. Aufl.},
	isbn = {3-89864-220-8, 978-3-89864-220-0},
	shorttitle = {Testgetriebene Entwicklung mit {JUnit}  {FIT}},
	publisher = {dpunkt.verlag},
	author = {Westphal, Frank},
	year = {2005},
	file = {Library Catalog Entry Snapshot:files/24/PPNSET.html:text/html}
}

@misc{junit,
	title = {{JUnit:} A Cooks Tour},
	url = {http://junit.sourceforge.net/doc/cookstour/cookstour.htm},
	urldate = {2013-04-04},
	author = {Beck, Kent and Erich Gamma and David Saff},
	howpublished = {\url{http://junit.sourceforge.net/doc/cookstour/cookstour.htm}},
	file = {JUnit: A Cook?s Tour:files/26/cookstour.html:text/html},
	note = {Zugriffsdatum: 04.04.2013}
}

@misc{stewart_webdriver_2013,
	title = {{WebDriver} {W3C} Working Draft},
	url = {http://www.w3.org/TR/2012/WD-webdriver-20120710/},
	urldate = {2013-04-04},
	author = {Stewart, Simon and Burns, David},
	howpublished = {\url{http://www.w3.org/TR/2012/WD-webdriver-20120710/} - Work in progress},
	month = mar,
	year = {2013},
	file = {WebDriver:files/28/WD-webdriver-20120710.html:text/html},
	note = {Zugriffsdatum: 04.04.2013}
}