
@MISC{Dai_automatictest,
    author = {Icssea Dai and Pianta Lacmene and Zhen Ru Dai and Peter H. Deussen and Maik Busch and Laurette Pianta Lacmene and Titus Ngwangwen and Jens Herrmann and Michael Schmidt},
    title = {Automatic Test Data Generation for TTCN-3 using CTE},
    year = {2005}
}