
@misc{stewart_webdriver_2013,
	title = {{WebDriver} {W3C} Working Draft},
	url = {http://www.w3.org/TR/2012/WD-webdriver-20120710/},
	urldate = {2013-04-04},
	author = {Stewart, Simon and Burns, David},
	howpublished = {work in progress},
	month = mar,
	year = {2013},
	file = {WebDriver:files/28/WD-webdriver-20120710.html:text/html}
}